%YAML 1.1
%TAG !u! tag:unity3d.com,2011:
--- !u!1 &3047861089018144775
GameObject:
  m_ObjectHideFlags: 0
  m_CorrespondingSourceObject: {fileID: 0}
  m_PrefabInstance: {fileID: 0}
  m_PrefabAsset: {fileID: 0}
  serializedVersion: 6
  m_Component:
  - component: {fileID: 5141913093309542205}
  - component: {fileID: 7732186466082855585}
  m_Layer: 0
  m_Name: Soup
  m_TagString: Soup
  m_Icon: {fileID: 0}
  m_NavMeshLayer: 0
  m_StaticEditorFlags: 0
  m_IsActive: 1
--- !u!4 &5141913093309542205
Transform:
  m_ObjectHideFlags: 0
  m_CorrespondingSourceObject: {fileID: 0}
  m_PrefabInstance: {fileID: 0}
  m_PrefabAsset: {fileID: 0}
  m_GameObject: {fileID: 3047861089018144775}
  m_LocalRotation: {x: 0.7071068, y: -0, z: -0, w: -0.7071068}
  m_LocalPosition: {x: 0.6888, y: 0.7942657, z: 0.1164}
  m_LocalScale: {x: 1, y: 1, z: 1}
  m_Children:
  - {fileID: 5663804895927584470}
  - {fileID: 5649026450069239530}
  m_Father: {fileID: 0}
  m_RootOrder: 0
  m_LocalEulerAnglesHint: {x: 270, y: 0, z: 0}
--- !u!114 &7732186466082855585
MonoBehaviour:
  m_ObjectHideFlags: 0
  m_CorrespondingSourceObject: {fileID: 0}
  m_PrefabInstance: {fileID: 0}
  m_PrefabAsset: {fileID: 0}
  m_GameObject: {fileID: 3047861089018144775}
  m_Enabled: 1
  m_EditorHideFlags: 0
  m_Script: {fileID: 11500000, guid: a4551f41baadcad458601f517f71c5cf, type: 3}
  m_Name: 
  m_EditorClassIdentifier: 
  keyCode: 99
--- !u!1 &8164368873233575915
GameObject:
  m_ObjectHideFlags: 0
  m_CorrespondingSourceObject: {fileID: 0}
  m_PrefabInstance: {fileID: 0}
  m_PrefabAsset: {fileID: 0}
  serializedVersion: 6
  m_Component:
  - component: {fileID: 1714650697766062845}
  - component: {fileID: 448310421278373992}
  - component: {fileID: 4263714349725027110}
  - component: {fileID: 2656049668633458578}
  - component: {fileID: 716895570724128538}
  m_Layer: 0
  m_Name: Anchor (1)
  m_TagString: Untagged
  m_Icon: {fileID: 0}
  m_NavMeshLayer: 0
  m_StaticEditorFlags: 0
  m_IsActive: 1
--- !u!4 &1714650697766062845
Transform:
  m_ObjectHideFlags: 0
  m_CorrespondingSourceObject: {fileID: 0}
  m_PrefabInstance: {fileID: 0}
  m_PrefabAsset: {fileID: 0}
  m_GameObject: {fileID: 8164368873233575915}
  m_LocalRotation: {x: -0.7071068, y: -0, z: -0, w: -0.7071068}
  m_LocalPosition: {x: 0, y: 0, z: 0}
  m_LocalScale: {x: 0.010000001, y: 0.009999998, z: 0.009999998}
  m_Children: []
  m_Father: {fileID: 5649026450069239530}
  m_RootOrder: 0
  m_LocalEulerAnglesHint: {x: 0, y: 0, z: 0}
--- !u!33 &448310421278373992
MeshFilter:
  m_ObjectHideFlags: 0
  m_CorrespondingSourceObject: {fileID: 0}
  m_PrefabInstance: {fileID: 0}
  m_PrefabAsset: {fileID: 0}
  m_GameObject: {fileID: 8164368873233575915}
  m_Mesh: {fileID: 10207, guid: 0000000000000000e000000000000000, type: 0}
--- !u!23 &4263714349725027110
MeshRenderer:
  m_ObjectHideFlags: 0
  m_CorrespondingSourceObject: {fileID: 0}
  m_PrefabInstance: {fileID: 0}
  m_PrefabAsset: {fileID: 0}
  m_GameObject: {fileID: 8164368873233575915}
  m_Enabled: 1
  m_CastShadows: 1
  m_ReceiveShadows: 1
  m_DynamicOccludee: 1
  m_MotionVectors: 1
  m_LightProbeUsage: 1
  m_ReflectionProbeUsage: 1
  m_RayTracingMode: 2
  m_RayTraceProcedural: 0
  m_RenderingLayerMask: 1
  m_RendererPriority: 0
  m_Materials:
  - {fileID: 2100000, guid: de29e3f99653dd247b97b35181989291, type: 2}
  m_StaticBatchInfo:
    firstSubMesh: 0
    subMeshCount: 0
  m_StaticBatchRoot: {fileID: 0}
  m_ProbeAnchor: {fileID: 0}
  m_LightProbeVolumeOverride: {fileID: 0}
  m_ScaleInLightmap: 1
  m_ReceiveGI: 1
  m_PreserveUVs: 0
  m_IgnoreNormalsForChartDetection: 0
  m_ImportantGI: 0
  m_StitchLightmapSeams: 1
  m_SelectedEditorRenderState: 3
  m_MinimumChartSize: 4
  m_AutoUVMaxDistance: 0.5
  m_AutoUVMaxAngle: 89
  m_LightmapParameters: {fileID: 0}
  m_SortingLayerID: 0
  m_SortingLayer: 0
  m_SortingOrder: 0
  m_AdditionalVertexStreams: {fileID: 0}
--- !u!135 &2656049668633458578
SphereCollider:
  m_ObjectHideFlags: 0
  m_CorrespondingSourceObject: {fileID: 0}
  m_PrefabInstance: {fileID: 0}
  m_PrefabAsset: {fileID: 0}
  m_GameObject: {fileID: 8164368873233575915}
  m_Material: {fileID: 0}
  m_IsTrigger: 0
  m_Enabled: 0
  serializedVersion: 2
  m_Radius: 0.5
  m_Center: {x: 0, y: 0, z: 0}
--- !u!114 &716895570724128538
MonoBehaviour:
  m_ObjectHideFlags: 0
  m_CorrespondingSourceObject: {fileID: 0}
  m_PrefabInstance: {fileID: 0}
  m_PrefabAsset: {fileID: 0}
  m_GameObject: {fileID: 8164368873233575915}
  m_Enabled: 1
  m_EditorHideFlags: 0
  m_Script: {fileID: 11500000, guid: d2242fda6bec6b94d84ec7c007dc10b3, type: 3}
  m_Name: 
  m_EditorClassIdentifier: 
--- !u!1001 &7014127420963690737
PrefabInstance:
  m_ObjectHideFlags: 0
  serializedVersion: 2
  m_Modification:
    m_TransformParent: {fileID: 5141913093309542205}
    m_Modifications:
    - target: {fileID: 2628308565089580193, guid: bb701d51b66486c4b81d9ecfbcc2bdec, type: 3}
      propertyPath: m_Name
      value: GrabableSoup
      objectReference: {fileID: 0}
    - target: {fileID: 2628308565089580193, guid: bb701d51b66486c4b81d9ecfbcc2bdec, type: 3}
      propertyPath: m_Layer
      value: 6
      objectReference: {fileID: 0}
    - target: {fileID: 3400903927551995419, guid: bb701d51b66486c4b81d9ecfbcc2bdec, type: 3}
      propertyPath: m_RootOrder
      value: 1
      objectReference: {fileID: 0}
    - target: {fileID: 3400903927551995419, guid: bb701d51b66486c4b81d9ecfbcc2bdec, type: 3}
      propertyPath: m_LocalPosition.x
      value: 0
      objectReference: {fileID: 0}
    - target: {fileID: 3400903927551995419, guid: bb701d51b66486c4b81d9ecfbcc2bdec, type: 3}
      propertyPath: m_LocalPosition.y
      value: 0
      objectReference: {fileID: 0}
    - target: {fileID: 3400903927551995419, guid: bb701d51b66486c4b81d9ecfbcc2bdec, type: 3}
      propertyPath: m_LocalPosition.z
      value: 0
      objectReference: {fileID: 0}
    - target: {fileID: 3400903927551995419, guid: bb701d51b66486c4b81d9ecfbcc2bdec, type: 3}
      propertyPath: m_LocalRotation.w
      value: 1
      objectReference: {fileID: 0}
    - target: {fileID: 3400903927551995419, guid: bb701d51b66486c4b81d9ecfbcc2bdec, type: 3}
      propertyPath: m_LocalRotation.x
      value: 0
      objectReference: {fileID: 0}
    - target: {fileID: 3400903927551995419, guid: bb701d51b66486c4b81d9ecfbcc2bdec, type: 3}
      propertyPath: m_LocalRotation.y
      value: 0
      objectReference: {fileID: 0}
    - target: {fileID: 3400903927551995419, guid: bb701d51b66486c4b81d9ecfbcc2bdec, type: 3}
      propertyPath: m_LocalRotation.z
      value: 0
      objectReference: {fileID: 0}
    - target: {fileID: 3400903927551995419, guid: bb701d51b66486c4b81d9ecfbcc2bdec, type: 3}
      propertyPath: m_LocalEulerAnglesHint.x
      value: 0
      objectReference: {fileID: 0}
    - target: {fileID: 3400903927551995419, guid: bb701d51b66486c4b81d9ecfbcc2bdec, type: 3}
      propertyPath: m_LocalEulerAnglesHint.y
      value: 0
      objectReference: {fileID: 0}
    - target: {fileID: 3400903927551995419, guid: bb701d51b66486c4b81d9ecfbcc2bdec, type: 3}
      propertyPath: m_LocalEulerAnglesHint.z
      value: 0
      objectReference: {fileID: 0}
    - target: {fileID: 4573788905683834228, guid: bb701d51b66486c4b81d9ecfbcc2bdec, type: 3}
      propertyPath: m_Materials.Array.size
      value: 2
      objectReference: {fileID: 0}
    - target: {fileID: 4573788905683834228, guid: bb701d51b66486c4b81d9ecfbcc2bdec, type: 3}
      propertyPath: m_Materials.Array.data[0]
      value: 
      objectReference: {fileID: 2100000, guid: 14e7f34d2c6f56e47a2c2db725205f6d, type: 2}
    - target: {fileID: 4573788905683834228, guid: bb701d51b66486c4b81d9ecfbcc2bdec, type: 3}
      propertyPath: m_Materials.Array.data[1]
      value: 
      objectReference: {fileID: 2100000, guid: 14e7f34d2c6f56e47a2c2db725205f6d, type: 2}
    m_RemovedComponents: []
  m_SourcePrefab: {fileID: 100100000, guid: bb701d51b66486c4b81d9ecfbcc2bdec, type: 3}
--- !u!1 &4985079123435711568 stripped
GameObject:
  m_CorrespondingSourceObject: {fileID: 2628308565089580193, guid: bb701d51b66486c4b81d9ecfbcc2bdec, type: 3}
  m_PrefabInstance: {fileID: 7014127420963690737}
  m_PrefabAsset: {fileID: 0}
--- !u!4 &5649026450069239530 stripped
Transform:
  m_CorrespondingSourceObject: {fileID: 3400903927551995419, guid: bb701d51b66486c4b81d9ecfbcc2bdec, type: 3}
  m_PrefabInstance: {fileID: 7014127420963690737}
  m_PrefabAsset: {fileID: 0}
--- !u!54 &667604355108164289
Rigidbody:
  m_ObjectHideFlags: 0
  m_CorrespondingSourceObject: {fileID: 0}
  m_PrefabInstance: {fileID: 0}
  m_PrefabAsset: {fileID: 0}
  m_GameObject: {fileID: 4985079123435711568}
  serializedVersion: 2
  m_Mass: 1
  m_Drag: 0
  m_AngularDrag: 0.05
  m_UseGravity: 1
  m_IsKinematic: 0
  m_Interpolate: 0
  m_Constraints: 0
  m_CollisionDetection: 0
--- !u!64 &1203752866584841791
MeshCollider:
  m_ObjectHideFlags: 0
  m_CorrespondingSourceObject: {fileID: 0}
  m_PrefabInstance: {fileID: 0}
  m_PrefabAsset: {fileID: 0}
  m_GameObject: {fileID: 4985079123435711568}
  m_Material: {fileID: 0}
  m_IsTrigger: 0
  m_Enabled: 1
  serializedVersion: 4
  m_Convex: 1
  m_CookingOptions: 30
  m_Mesh: {fileID: -2760080032776168451, guid: 3e7efc9ec8d7a5a4f9278613a05b3432, type: 3}
--- !u!153 &3280266301537265785
ConfigurableJoint:
  m_ObjectHideFlags: 0
  m_CorrespondingSourceObject: {fileID: 0}
  m_PrefabInstance: {fileID: 0}
  m_PrefabAsset: {fileID: 0}
  m_GameObject: {fileID: 4985079123435711568}
  m_ConnectedBody: {fileID: 2686157409777494716}
  m_ConnectedArticulationBody: {fileID: 0}
  m_Anchor: {x: 0, y: 0, z: 0}
  m_Axis: {x: 1, y: 0, z: 0}
  m_AutoConfigureConnectedAnchor: 1
  m_ConnectedAnchor: {x: 0, y: 0, z: 0}
  serializedVersion: 2
  m_SecondaryAxis: {x: 0, y: 1, z: 0}
  m_XMotion: 0
  m_YMotion: 0
  m_ZMotion: 0
  m_AngularXMotion: 2
  m_AngularYMotion: 2
  m_AngularZMotion: 2
  m_LinearLimitSpring:
    spring: 0
    damper: 0
  m_LinearLimit:
    limit: 0
    bounciness: 0
    contactDistance: 0
  m_AngularXLimitSpring:
    spring: 0
    damper: 0
  m_LowAngularXLimit:
    limit: 0
    bounciness: 0
    contactDistance: 0
  m_HighAngularXLimit:
    limit: 0
    bounciness: 0
    contactDistance: 0
  m_AngularYZLimitSpring:
    spring: 0
    damper: 0
  m_AngularYLimit:
    limit: 0
    bounciness: 0
    contactDistance: 0
  m_AngularZLimit:
    limit: 0
    bounciness: 0
    contactDistance: 0
  m_TargetPosition: {x: 0, y: 0, z: 0}
  m_TargetVelocity: {x: 0, y: 0, z: 0}
  m_XDrive:
    serializedVersion: 3
    positionSpring: 0
    positionDamper: 0
    maximumForce: 3.4028233e+38
  m_YDrive:
    serializedVersion: 3
    positionSpring: 0
    positionDamper: 0
    maximumForce: 3.4028233e+38
  m_ZDrive:
    serializedVersion: 3
    positionSpring: 0
    positionDamper: 0
    maximumForce: 3.4028233e+38
  m_TargetRotation: {x: 0, y: 0, z: 0, w: 1}
  m_TargetAngularVelocity: {x: 0, y: 0, z: 0}
  m_RotationDriveMode: 1
  m_AngularXDrive:
    serializedVersion: 3
    positionSpring: 0
    positionDamper: 0
    maximumForce: 3.4028233e+38
  m_AngularYZDrive:
    serializedVersion: 3
    positionSpring: 0
    positionDamper: 0
    maximumForce: 3.4028233e+38
  m_SlerpDrive:
    serializedVersion: 3
    positionSpring: 0
    positionDamper: 0
    maximumForce: 3.4028233e+38
  m_ProjectionMode: 0
  m_ProjectionDistance: 0.1
  m_ProjectionAngle: 180
  m_ConfiguredInWorldSpace: 0
  m_SwapBodies: 0
  m_BreakForce: Infinity
  m_BreakTorque: Infinity
  m_EnableCollision: 0
  m_EnablePreprocessing: 1
  m_MassScale: 1
  m_ConnectedMassScale: 1
--- !u!114 &7162524542716745850
MonoBehaviour:
  m_ObjectHideFlags: 0
  m_CorrespondingSourceObject: {fileID: 0}
  m_PrefabInstance: {fileID: 0}
  m_PrefabAsset: {fileID: 0}
  m_GameObject: {fileID: 4985079123435711568}
  m_Enabled: 1
  m_EditorHideFlags: 0
  m_Script: {fileID: 11500000, guid: 1aeddf9e1ae3cd74e9a853213bd6c691, type: 3}
  m_Name: 
  m_EditorClassIdentifier: 
  baseTransform: {fileID: 0}
  physicsBody: {fileID: 0}
  allowedHands: 0
  debugTxt: {fileID: 0}
  ObjectGrabbed:
    m_PersistentCalls:
      m_Calls:
      - m_Target: {fileID: 8225187845351350066}
        m_TargetAssemblyTypeName: VariableGrip, Assembly-CSharp
        m_MethodName: onGrab
        m_Mode: 0
        m_Arguments:
          m_ObjectArgument: {fileID: 0}
          m_ObjectArgumentAssemblyTypeName: UnityEngine.Object, UnityEngine
          m_IntArgument: 0
          m_FloatArgument: 0
          m_StringArgument: 
          m_BoolArgument: 0
        m_CallState: 2
  ObjectReleased:
    m_PersistentCalls:
      m_Calls:
      - m_Target: {fileID: 8225187845351350066}
        m_TargetAssemblyTypeName: VariableGrip, Assembly-CSharp
        m_MethodName: onRelease
        m_Mode: 0
        m_Arguments:
          m_ObjectArgument: {fileID: 0}
          m_ObjectArgumentAssemblyTypeName: UnityEngine.Object, UnityEngine
          m_IntArgument: 0
          m_FloatArgument: 0
          m_StringArgument: 
          m_BoolArgument: 0
        m_CallState: 2
  moveSpeed: 100
  rotateSpeed: 900
  snapOptions: {fileID: 0}
  alwaysTrackVelocity: 0
--- !u!114 &8225187845351350066
MonoBehaviour:
  m_ObjectHideFlags: 0
  m_CorrespondingSourceObject: {fileID: 0}
  m_PrefabInstance: {fileID: 0}
  m_PrefabAsset: {fileID: 0}
  m_GameObject: {fileID: 4985079123435711568}
  m_Enabled: 1
  m_EditorHideFlags: 0
  m_Script: {fileID: 11500000, guid: ccd83244be5562b46be548b0616b6719, type: 3}
  m_Name: 
  m_EditorClassIdentifier: 
  unusedAnimationCurveWithNoEffect:
    serializedVersion: 2
    m_Curve: []
    m_PreInfinity: 2
    m_PostInfinity: 2
    m_RotationOrder: 4
  multiplicator: 0.00004
  equation: 3
  lowForceThreshold: 55
  positionalSpringFloor: 75
  forceInputVariant: 2
  gripVariant: 2
  forceLevel: 0
  finalSpring: 0
  targetSpring: 0
  globalMiddle: {x: 0, y: 0, z: 0}
  fixedJointIsAttached: 0
  fixedJointThreshold: 95
  binaryGripThreshold: 80
  childWithMesh: {fileID: 0}
  stronglyAvoidReleaseCollisionsWithHand: 1
  movingAverageWindowsSize: 10
  useMovingAverage: 0
  useAnchorAxis: 1
  anchorAxis: 2
  alternativeForceResponse:
    serializedVersion: 2
    m_Curve:
    - serializedVersion: 3
      time: 0
      value: 0
      inSlope: 0
      outSlope: 1
      tangentMode: 0
      weightedMode: 0
      inWeight: 0
      outWeight: 0
    - serializedVersion: 3
      time: 1
      value: 1
      inSlope: 1
      outSlope: 0
      tangentMode: 0
      weightedMode: 0
      inWeight: 0
      outWeight: 0
    m_PreInfinity: 2
    m_PostInfinity: 2
    m_RotationOrder: 4
  useAlternativeForceResponse: 0
--- !u!114 &8423452127508258833
MonoBehaviour:
  m_ObjectHideFlags: 0
  m_CorrespondingSourceObject: {fileID: 0}
  m_PrefabInstance: {fileID: 0}
  m_PrefabAsset: {fileID: 0}
  m_GameObject: {fileID: 4985079123435711568}
  m_Enabled: 1
  m_EditorHideFlags: 0
  m_Script: {fileID: 11500000, guid: fb79c54106a7c8f42bbd7e30991b639a, type: 3}
  m_Name: 
  m_EditorClassIdentifier: 
  maxForce: 100
  maxForceDist: 0.02
  forceRepsonse:
    serializedVersion: 2
    m_Curve:
    - serializedVersion: 3
      time: 0
      value: 0
      inSlope: 1
      outSlope: 1
      tangentMode: 34
      weightedMode: 0
      inWeight: 0
      outWeight: 0
    - serializedVersion: 3
      time: 1
      value: 1
      inSlope: 1
      outSlope: 1
      tangentMode: 34
      weightedMode: 0
      inWeight: 0
      outWeight: 0
    m_PreInfinity: 2
    m_PostInfinity: 2
    m_RotationOrder: 4
  breakable: 0
  yieldDistance: 0.03
  mustBeGrabbed: 0
  requiresThumb: 0
  minimumFingers: 1
--- !u!1001 &7037877795243321549
PrefabInstance:
  m_ObjectHideFlags: 0
  serializedVersion: 2
  m_Modification:
    m_TransformParent: {fileID: 5141913093309542205}
    m_Modifications:
    - target: {fileID: 2628308565089580193, guid: bb701d51b66486c4b81d9ecfbcc2bdec, type: 3}
      propertyPath: m_Name
      value: RenderedSoup
      objectReference: {fileID: 0}
    - target: {fileID: 2628308565089580193, guid: bb701d51b66486c4b81d9ecfbcc2bdec, type: 3}
      propertyPath: m_TagString
      value: Soup
      objectReference: {fileID: 0}
    - target: {fileID: 3400903927551995419, guid: bb701d51b66486c4b81d9ecfbcc2bdec, type: 3}
      propertyPath: m_RootOrder
      value: 0
      objectReference: {fileID: 0}
    - target: {fileID: 3400903927551995419, guid: bb701d51b66486c4b81d9ecfbcc2bdec, type: 3}
      propertyPath: m_LocalPosition.x
      value: 0
      objectReference: {fileID: 0}
    - target: {fileID: 3400903927551995419, guid: bb701d51b66486c4b81d9ecfbcc2bdec, type: 3}
      propertyPath: m_LocalPosition.y
      value: 0
      objectReference: {fileID: 0}
    - target: {fileID: 3400903927551995419, guid: bb701d51b66486c4b81d9ecfbcc2bdec, type: 3}
      propertyPath: m_LocalPosition.z
      value: 0
      objectReference: {fileID: 0}
    - target: {fileID: 3400903927551995419, guid: bb701d51b66486c4b81d9ecfbcc2bdec, type: 3}
      propertyPath: m_LocalRotation.w
      value: 1
      objectReference: {fileID: 0}
    - target: {fileID: 3400903927551995419, guid: bb701d51b66486c4b81d9ecfbcc2bdec, type: 3}
      propertyPath: m_LocalRotation.x
      value: 0
      objectReference: {fileID: 0}
    - target: {fileID: 3400903927551995419, guid: bb701d51b66486c4b81d9ecfbcc2bdec, type: 3}
      propertyPath: m_LocalRotation.y
      value: 0
      objectReference: {fileID: 0}
    - target: {fileID: 3400903927551995419, guid: bb701d51b66486c4b81d9ecfbcc2bdec, type: 3}
      propertyPath: m_LocalRotation.z
      value: 0
      objectReference: {fileID: 0}
    - target: {fileID: 3400903927551995419, guid: bb701d51b66486c4b81d9ecfbcc2bdec, type: 3}
      propertyPath: m_LocalEulerAnglesHint.x
      value: 0
      objectReference: {fileID: 0}
    - target: {fileID: 3400903927551995419, guid: bb701d51b66486c4b81d9ecfbcc2bdec, type: 3}
      propertyPath: m_LocalEulerAnglesHint.y
      value: 0
      objectReference: {fileID: 0}
    - target: {fileID: 3400903927551995419, guid: bb701d51b66486c4b81d9ecfbcc2bdec, type: 3}
      propertyPath: m_LocalEulerAnglesHint.z
      value: 0
      objectReference: {fileID: 0}
    m_RemovedComponents: []
  m_SourcePrefab: {fileID: 100100000, guid: bb701d51b66486c4b81d9ecfbcc2bdec, type: 3}
--- !u!1 &5031136681685785708 stripped
GameObject:
  m_CorrespondingSourceObject: {fileID: 2628308565089580193, guid: bb701d51b66486c4b81d9ecfbcc2bdec, type: 3}
  m_PrefabInstance: {fileID: 7037877795243321549}
  m_PrefabAsset: {fileID: 0}
--- !u!4 &5663804895927584470 stripped
Transform:
  m_CorrespondingSourceObject: {fileID: 3400903927551995419, guid: bb701d51b66486c4b81d9ecfbcc2bdec, type: 3}
  m_PrefabInstance: {fileID: 7037877795243321549}
  m_PrefabAsset: {fileID: 0}
--- !u!54 &2686157409777494716
Rigidbody:
  m_ObjectHideFlags: 0
  m_CorrespondingSourceObject: {fileID: 0}
  m_PrefabInstance: {fileID: 0}
  m_PrefabAsset: {fileID: 0}
  m_GameObject: {fileID: 5031136681685785708}
  serializedVersion: 2
  m_Mass: 1
  m_Drag: 0
  m_AngularDrag: 0.05
  m_UseGravity: 1
  m_IsKinematic: 0
  m_Interpolate: 0
  m_Constraints: 0
  m_CollisionDetection: 0
--- !u!64 &3941286802647150994
MeshCollider:
  m_ObjectHideFlags: 0
  m_CorrespondingSourceObject: {fileID: 0}
  m_PrefabInstance: {fileID: 0}
  m_PrefabAsset: {fileID: 0}
  m_GameObject: {fileID: 5031136681685785708}
  m_Material: {fileID: 0}
  m_IsTrigger: 0
  m_Enabled: 1
  serializedVersion: 4
  m_Convex: 1
  m_CookingOptions: 30
  m_Mesh: {fileID: -2760080032776168451, guid: 3e7efc9ec8d7a5a4f9278613a05b3432, type: 3}
--- !u!135 &5806281410525050991
SphereCollider:
  m_ObjectHideFlags: 0
  m_CorrespondingSourceObject: {fileID: 0}
  m_PrefabInstance: {fileID: 0}
  m_PrefabAsset: {fileID: 0}
  m_GameObject: {fileID: 5031136681685785708}
  m_Material: {fileID: 0}
  m_IsTrigger: 1
  m_Enabled: 1
  serializedVersion: 2
  m_Radius: 0.0551809
  m_Center: {x: 0.0000000018626451, y: 0.000000955537, z: 0.04572019}
--- !u!114 &6003993343170849886
MonoBehaviour:
  m_ObjectHideFlags: 0
  m_CorrespondingSourceObject: {fileID: 0}
  m_PrefabInstance: {fileID: 0}
  m_PrefabAsset: {fileID: 0}
  m_GameObject: {fileID: 5031136681685785708}
  m_Enabled: 1
  m_EditorHideFlags: 0
  m_Script: {fileID: 11500000, guid: 4fa495db476a71747bbb08dffd26c7ce, type: 3}
  m_Name: 
  m_EditorClassIdentifier: 
  goalZone: {fileID: 0}
